% Encoding: UTF-8

@Book{李文威-代数学方法-卷一,
  author  = {李文威},
  title   = {代数学方法：卷一},
  date    = {2022-11-28},
  url     = {https://www.wwli.asia/index.php/zh/books-item-zh},
  license = {CC BY 4.0},
}

@Misc{stacks-project,
  author  = {The Stacks Project Authors},
  title   = {Stacks Project},
  year    = {2022},
  url     = {https://stacks.math.columbia.edu},
  license = {GFDLv1.2},
}

@Comment{jabref-meta: databaseType:biblatex;}
